<?xml version="1.0" encoding="UTF-8"?><collection xmlns="http://www.loc.gov/MARC21/slim"><record><leader>00477nam--2200145-i-4500</leader><controlfield tag="001">000008443</controlfield><controlfield tag="002">20161230</controlfield><controlfield tag="005">20170210020928</controlfield><controlfield tag="008">060222s1000------------r-----000-0-eng-d</controlfield><datafield ind1=" " ind2=" " tag="100"><subfield code="a">Deutsch, S</subfield></datafield><datafield ind1=" " ind2=" " tag="245"><subfield code="a">Rubidium-strontium geochronology of some granitic rocks from the Kibaran belt (Central Katanga, Rep.of the Congo)</subfield></datafield><datafield ind1=" " ind2=" " tag="260"><subfield code="a">Tervuren, Belgique</subfield><subfield code="b">Musee Royal De L Afrique Centrale</subfield><subfield code="c">1967</subfield></datafield><datafield ind1=" " ind2=" " tag="300"><subfield code="a">65 p.+ 6 p.Fig</subfield></datafield><datafield ind1=" " ind2=" " tag="700"><subfield code="a">Delhal, J</subfield></datafield><datafield ind1=" " ind2=" " tag="CAT"><subfield code="a">SYS</subfield><subfield code="c">20170210</subfield><subfield code="h">020928</subfield></datafield></record></collection>